@article{matias1996fast,
  title={Fast, efficient mutual and self simulations for shared memory and reconfigurable mesh},
  author={Matias, Yossi and Schuster, Assaf},
  journal={International Journal of Parallel, Emergent and Distributed Systems},
  volume={8},
  number={3-4},
  pages={195--221},
  year={1996},
  publisher={Taylor \& Francis}
},

@article{itzkovitz1999toward,
  title={Toward integration of data race detection in DSM systems},
  author={Itzkovitz, Ayal and Schuster, Assaf and Zeev-Ben-Mordehai, Oren},
  journal={Journal of Parallel and Distributed Computing},
  volume={59},
  number={2},
  pages={180--203},
  year={1999},
  publisher={Elsevier}
},

@inproceedings{silberstein2006scheduling,
  title={Scheduling mixed workloads in multi-grids: the grid execution hierarchy},
  author={Silberstein, Mark and Geiger, Dan and Schuster, Assaf and Livny, Miron},
  booktitle={High Performance Distributed Computing, 2006 15th IEEE International Symposium on},
  pages={291--302},
  year={2006},
  organization={IEEE}
},

@inproceedings{franccoise2014vocalizing,
  title={Vocalizing dance movement for interactive sonification of {L}aban {E}ffort factors},
  author={Fran{\c{c}}oise, Jules and Fdili Alaoui, Sarah and Schiphorst, Thecla and Bevilacqua, Fr{\'e}d{\'e}ric},
  booktitle={Proceedings of the 2014 conference on Designing interactive systems},
  pages={1079--1082},
  year={2014},
  organization={ACM}
},

@inproceedings{alaoui2012movement,
  title={Movement qualities as interaction modality},
  author={Alaoui, Sarah Fdili and Caramiaux, Baptiste and Serrano, Marcos and Bevilacqua, Fr{\'e}d{\'e}ric},
  booktitle={Proceedings of the Designing Interactive Systems Conference},
  pages={761--769},
  year={2012},
  organization={ACM}
},

@article{schiphorst2015movingstories,
  title={movingstories, {S}imon {F}raser {U}niversity},
  author={Schiphorst, Thecla and Pasquier, Philippe},
  journal={interactions},
  volume={22},
  number={1},
  pages={16--19},
  year={2015},
  publisher={ACM}
},

@inproceedings{alaoui2014choreography,
  title={Choreography as Mediated through Compositional Tools for Movement: Constructing A Historical Perspective},
  author={Alaoui, Sarah Fdili and Carlson, Kristin and Schiphorst, Thecla},
  booktitle={Proceedings of the 2014 International Workshop on Movement and Computing},
  pages={1},
  year={2014},
  organization={ACM}
 },

@inproceedings{chi2000emote,
  title={The EMOTE model for {E}ffort and {S}hape},
  author={Chi, Diane and Costa, Monica and Zhao, Liwei and Badler, Norman},
  booktitle={Proceedings of the 27th annual conference on Computer graphics and interactive techniques},
  pages={173--182},
  year={2000},
  organization={ACM Press/Addison-Wesley Publishing Co.}
},

@article{camurri2003application,
  title={Application of multimedia techniques in the physical rehabilitation of {P}arkinson's patients},
  author={Camurri, Antonio and Mazzarino, Barbara and Volpe, Gualtiero and Morasso, Pietro and Priano, Federica and Re, Cristina},
  journal={The Journal of Visualization and Computer Animation},
  volume={14},
  number={5},
  pages={269--278},
  year={2003},
  publisher={Wiley Online Library}
},

@article{lourens2010communicating,
  title={Communicating emotions and mental states to robots in a real time parallel framework using {L}aban movement analysis},
  author={Lourens, Tino and Van Berkel, Roos and Barakova, Emilia},
  journal={Robotics and Autonomous Systems},
  volume={58},
  number={12},
  pages={1256--1265},
  year={2010},
  publisher={Elsevier}
},

@inproceedings{samadani2013laban,
  title={Laban {E}ffort and {S}hape analysis of affective hand and arm movements},
  author={Samadani, Ali-Akbar and Burton, Sarahjane and Gorbet, Rob and Kulic, Dana},
  booktitle={Affective Computing and Intelligent Interaction (ACII), 2013 Humaine Association Conference on},
  pages={343--348},
  year={2013},
  organization={IEEE}
},

@inproceedings{nguyen2012online,
  title={Online Feedback System for Public Speakers},
  author={Nguyen, Anh-Tuan and Chen, Wei and Rauterberg, Matthias},
  booktitle={IEEE Symp. e-Learning, e-Management and e-Services},
  year={2012}
},

@article{foroud2003development,
  title={The development of roughness in the play fighting of rats: A {L}aban Movement Analysis perspective},
  author={Foroud, Afra and Pellis, Sergio M},
  journal={Developmental Psychobiology},
  volume={42},
  number={1},
  pages={35--43},
  year={2003},
  publisher={Wiley Online Library}
},

@article{pedregosa2011scikit,
  title={Scikit-learn: Machine learning in Python},
  author={Pedregosa, Fabian and Varoquaux, Gael et al.},
  journal={The Journal of Machine Learning Research},
  volume={12},
  pages={2825--2830},
  year={2011},
  publisher={JMLR. org}
},

@inproceedings{gabel2012full,
  title={Full body gait analysis with Kinect},
  author={Gabel, Moshe and Gilad-Bachrach, Ran and Renshaw, Erin and Schuster, Assaf},
  booktitle={Engineering in Medicine and Biology Society (EMBC), 2012 Annual International Conference of the IEEE},
  pages={1964--1967},
  year={2012},
  organization={IEEE}
},

@article{Rachelle,
  title={Laban/{B}artenieff based Somatic Movement Therapy:  One Practitioner's Methodology and Individual Case Studies.},
  author={Rachelle Tsachor},
  journal={In The Journal of Laban Movement Studies},
  volume={3},
  number={1},
  pages={20-53},
  year={2013},
},

@article{Laban,
  title={The {M}astery of {M}ovement},
  author={Laban, Rudolf and Ullmann, Lisa},
  year={1971},
  publisher={ERIC}
},

@inproceedings{Masuda,
  title={Motion rendering system for emotion expression of human form robots based on {L}aban movement analysis},
  author={Masuda, Megumi and Kato, Shohei},
  booktitle={RO-MAN, 2010},
  pages={324--329},
  year={2010},
  organization={IEEE}
},

@article{Zou,
  title={Regularization and variable selection via the elastic net},
  author={Zou, Hui and Hastie, Trevor},
  journal={Journal of the Royal Statistical Society: Series B (Statistical Methodology)},
  volume={67},
  number={2},
  pages={301--320},
  year={2005},
  publisher={Wiley Online Library}
},

@inproceedings{kim,
  title={{LMA} based emotional motion representation using RGB-D camera},
  author={Kim, Woo Hyun and Park, Jeong Woo and Lee, Won Hyong and Lee, Hui Sung and Chung, Myung Jin},
  booktitle={Proceedings of the 8th ACM/IEEE international conference on Human-robot interaction},
  pages={163--164},
  year={2013},
  organization={IEEE Press}
},

@article{levy2003use,
  title={The {U}se of {L}aban {M}ovement {A}nalysis in the {S}tudy of {P}ersonality, {E}motional {S}tate and {M}ovement {S}tyle: {A}n {E}xploratory {I}nvestigation of the {V}eridicality of {B}ody {L}anguage.},
  author={Levy, Jacqyln A and Duke, Marshall P},
  journal={Individual Differences Research},
  volume={1},
  number={1},
  year={2003}
},

@article{shafir,
  title={Emotion regulation through execution, observation, and imagery of emotional movements},
  author={Shafir, Tal and Taylor, Stephan F and Atkinson, Anthony P and Langenecker, Scott A and Zubieta, Jon-Kar},
  journal={Brain and cognition},
  volume={82},
  number={2}, 
  pages={219--227},
  year={2013},
  publisher={Elsevier}
},

@misc{Tsachor,
  title={{S}omething in the {W}ay {S}he Moves... {U}nique {S}ets of {M}ovement {C}haracteristics are 
  {A}ssociated with and {E}nhance {S}pecific {E}motions. {P}oster {P}resented for the {I}nternational 
  {C}onvention of {P}sychological {S}cience ({ICPS})},
  author={Shafir, Tal and Tsachor, Rachelle},
  journal={International Convention of Psychological Science (ICPS)},
  year={2015},
},

@article{caruana1997multitask,
  title={Multitask learning},
  author={Caruana, Rich},
  journal={Machine learning},
  volume={28},
  number={1},
  pages={41--75},
  year={1997},
  publisher={Springer}
},

@inproceedings{Rett,
  title={Human-robot interface with anticipatory characteristics based on {L}aban Movement Analysis and Bayesian models},
  author={Rett, J{\"o}rg and Dias, Jorge},
  booktitle={Rehabilitation Robotics. ICORR, IEEE 10th International Conference on},
  pages={257--268},
  year={2007},
  organization={IEEE}
},

@inproceedings{Zacharatos,
  title={Emotion Recognition for Exergames using {L}aban Movement Analysis},
  author={Zacharatos, Haris and Gatzoulis, Christos and Chrysanthou, Yiorgos and Aristidou, Andreas},
  booktitle={Proceedings of the Motion on Games},
  pages={39--44},
  year={2013},
  organization={ACM}
},

@misc{labanTree,
      title={http://www.laban-movement-analyses.be}
},

@inproceedings{ran,
  title= {Laban {M}ovement {A}nalysis {U}sing {K}inect},
  author= {Bernstein Ran and  Shafir Tal and  Tsachor Rachelle and  Studd Karen and  Schuster Assaf},
  booktitle = {ICACII 2015: International Conference on Affective Computing and Intelligent Interaction, Paris, France, (May 18-19)},
  volume    = {2},
  number    = {5},
  year      = {2015},
  pages     = {1219},
  organization = {World Academy of Science, Engineering and Technology},

}
